<?xml version="1.0" encoding="UTF-8"?><collection xmlns="http://www.loc.gov/MARC21/slim"><record><leader>00617nam--2200181-i-4500</leader><controlfield tag="001">000013800</controlfield><controlfield tag="002">20161230</controlfield><controlfield tag="005">20161230201030</controlfield><controlfield tag="008">060222s1000------------r-----000-0-rum-d</controlfield><datafield ind1=" " ind2=" " tag="040"><subfield code="a">IFIN-HH</subfield></datafield><datafield ind1=" " ind2=" " tag="041"><subfield code="a">rum</subfield></datafield><datafield ind1=" " ind2=" " tag="080"><subfield code="a">531.OL (O75.8)</subfield></datafield><datafield ind1="1" ind2=" " tag="100"><subfield code="a">Draganu Mircea</subfield></datafield><datafield ind1="1" ind2="0" tag="245"><subfield code="a">Introducere matematica in fizica teoretica moderna vol. i. calculul vectorial si schimbari de axe de coordonate. mecanica punctelor materiale si a corpului solid. mecanica mediilor deformabile</subfield><subfield code="c">Mircea draganu</subfield></datafield><datafield ind1=" " ind2=" " tag="260"><subfield code="a">Bucuresti</subfield><subfield code="b">Editura Tehnica</subfield><subfield code="c">1957</subfield></datafield><datafield ind1=" " ind2=" " tag="300"><subfield code="a">643 P</subfield></datafield><datafield ind1=" " ind2=" " tag="852"><subfield code="a">4649</subfield><subfield code="c">530.1</subfield></datafield><datafield ind1=" " ind2=" " tag="CAT"><subfield code="a">Sys</subfield><subfield code="c">20160407</subfield><subfield code="h">153510</subfield></datafield></record></collection>